

@misc{M15,
  author = {Gregory Maxwell},
  title = {Confidential Transactions},
  year = {2015},
  howpublished = {\url{https://people.xiph.org/~greg/confidential_values.txt}},
}

@misc{MP15,
  author = {Gregory Maxwell and Andrew Poelstra},
  title = {Borromean Ring Signatures},
  year = {2015},
  howpublished = {\url{http://diyhpl.us/~bryan/papers2/bitcoin/Borromean\%20ring\%20signatures.pdf}},
}

@misc{S13,
  author = {Nicholas van Saberhagen},
  title = {CryptoNote},
  year = {2013},
  howpublished = {\url{https://cryptonote.org/whitepaper.pdf}},
}

@misc{AOS02,
  author = {Masayuki Abe and Miyako Ohkubo and Koutarou Suzuki},
  title = {1-out-of-n Signatures from a Variety of Keys},
  year = {2002},
  howpublished = {In Advances in Cryptology - ASIACRYPT},
}

